<?xml version="1.0" encoding="UTF-8"?><collection xmlns="http://www.loc.gov/MARC21/slim"><record><leader>00436nam--2200145-i-4500</leader><controlfield tag="001">000047869</controlfield><controlfield tag="002">20161230</controlfield><controlfield tag="005">20161230201046</controlfield><controlfield tag="008">060222s1000------------r-----000-0-eng-d</controlfield><datafield ind1=" " ind2=" " tag="080"><subfield code="a">621.382.3</subfield></datafield><datafield ind1=" " ind2=" " tag="100"><subfield code="a">Yunik, Maurice</subfield></datafield><datafield ind1=" " ind2=" " tag="245"><subfield code="a">Design of modern transistor circuits</subfield></datafield><datafield ind1=" " ind2=" " tag="260"><subfield code="a">Englewood Cliffs, Prentice-hall, Inc., 1973, Xi+365p</subfield></datafield><datafield ind1=" " ind2=" " tag="490"><subfield code="a">Prentice-hall Series In Electronic Technology. Irving L.Kosow, Editor</subfield></datafield><datafield ind1=" " ind2=" " tag="852"><subfield code="a">42573</subfield></datafield></record></collection>